<collection xmlns="http://www.loc.gov/MARC21/slim">
<record>
  <leader>01225nam0a22002651i 450 </leader>
  <controlfield tag="001">IT\ICCU\CNCE\079950</controlfield>
  <controlfield tag="005">20180904000000.0</controlfield>
  <datafield tag="012" ind1=" " ind2=" ">
    <subfield code="a">tadi rene iare ChTu (C) 1535 (R)</subfield>
    <subfield code="2">fei</subfield>
  </datafield>
  <datafield tag="100" ind1=" " ind2=" ">
    <subfield code="a">20180904d1535        0itac0103    ba</subfield>
  </datafield>
  <datafield tag="101" ind1=" " ind2=" ">
    <subfield code="a">ITA</subfield>
  </datafield>
  <datafield tag="102" ind1=" " ind2=" ">
    <subfield code="a">IT</subfield>
  </datafield>
  <datafield tag="200" ind1="1" ind2=" ">
    <subfield code="a">℗La ℗conuersione de santa Maria Maddalena, e la vita de Lazzaro e de Martha, in ottaua rima historiata. Composta per maestro Marco Rasilia da Foligno, opera deuotissima, nouamente stampata</subfield>
  </datafield>
  <datafield tag="210" ind1=" " ind2=" ">
    <subfield code="e">Stampata in Vinegia</subfield>
    <subfield code="g">per Aluise di Torti</subfield>
    <subfield code="h">1535 nel mese di agosto</subfield>
  </datafield>
  <datafield tag="215" ind1=" " ind2=" ">
    <subfield code="a">\44! c.</subfield>
    <subfield code="d">8ʻ</subfield>
  </datafield>
  <datafield tag="620" ind1=" " ind2=" ">
    <subfield code="a">IT</subfield>
    <subfield code="d">Venezia</subfield>
  </datafield>
  <datafield tag="700" ind1=" " ind2="1">
    <subfield code="a">Rosiglia,</subfield>
    <subfield code="b">Marco</subfield>
    <subfield code="3">IT\ICCU\CNCA\010493</subfield>
  </datafield>
  <datafield tag="712" ind1="0" ind2="0">
    <subfield code="a">Torti, Luigi</subfield>
    <subfield code="3">IT\ICCU\CNCT\000102</subfield>
    <subfield code="4">650</subfield>
  </datafield>
  <datafield tag="790" ind1=" " ind2="1">
    <subfield code="a">Rasilia,</subfield>
    <subfield code="b">Marcho</subfield>
    <subfield code="3">IT\ICCU\CNCA\023192</subfield>
    <subfield code="z">Rosiglia, Marco</subfield>
  </datafield>
  <datafield tag="790" ind1=" " ind2="1">
    <subfield code="a">Rossiglia,</subfield>
    <subfield code="b">Marcho</subfield>
    <subfield code="3">IT\ICCU\CNCA\023193</subfield>
    <subfield code="z">Rosiglia, Marco</subfield>
  </datafield>
  <datafield tag="790" ind1=" " ind2="1">
    <subfield code="a">Rasiglia,</subfield>
    <subfield code="b">Marco</subfield>
    <subfield code="3">IT\ICCU\CNCA\023194</subfield>
    <subfield code="z">Rosiglia, Marco</subfield>
  </datafield>
  <datafield tag="791" ind1="0" ind2="0">
    <subfield code="a">De_Tortis, Alvise</subfield>
    <subfield code="3">IT\ICCU\CNCT\004134</subfield>
    <subfield code="z">Torti, Luigi</subfield>
  </datafield>
  <datafield tag="791" ind1="0" ind2="0">
    <subfield code="a">Torto, Alvise</subfield>
    <subfield code="3">IT\ICCU\CNCT\005593</subfield>
    <subfield code="z">Torti, Luigi</subfield>
  </datafield>
  <datafield tag="791" ind1="0" ind2="0">
    <subfield code="a">Tortis, Aluvixio de</subfield>
    <subfield code="3">IT\ICCU\CNCT\005594</subfield>
    <subfield code="z">Torti, Luigi</subfield>
  </datafield>
  <datafield tag="801" ind1=" " ind2="3">
    <subfield code="a">IT</subfield>
    <subfield code="b">ICCU</subfield>
    <subfield code="c">20201115</subfield>
  </datafield>
  <datafield tag="899" ind1=" " ind2=" ">
    <subfield code="a">Biblioteca d&apos;arte del Museo civico Correr. Venezia</subfield>
    <subfield code="1">VE0039</subfield>
    <subfield code="2">VEA BC</subfield>
  </datafield>
</record>
</collection>
